%% This BibTeX bibliography file was created using BibDesk.
%% http://bibdesk.sourceforge.net/

%% Created for Dale Koenig at 2018-09-13 18:09:56 +0900 


%% Saved with string encoding Unicode (UTF-8) 



@article{Hayashi1,
	Author = {Hayashi},
	Date-Added = {2018-09-13 18:08:22 +0900},
	Date-Modified = {2018-09-13 18:09:53 +0900},
	Journal = {Math. Ann},
	Number = {2},
	Pages = {239-252},
	Title = {The number of {R}eidemeister moves for splitting a link},
	Volume = {332},
	Year = {2005}}

@unpublished{Lackenby5,
	Author = {Lackenby, Mark},
	Date-Added = {2018-08-17 07:47:37 +0000},
	Date-Modified = {2018-08-17 07:48:17 +0000},
	Note = {arXiv:1808.05495},
	Title = {Links with splitting number one},
	Year = {2018}}

@article{CowardLackenby1,
	Author = {Coward, Alexander and Lackenby, Mark},
	Date-Added = {2018-08-17 07:34:38 +0000},
	Date-Modified = {2018-08-17 07:36:39 +0000},
	Journal = {American Journal of Mathematics},
	Number = {4},
	Pages = {1023-1066},
	Title = {An upper bound on {R}eidemeister moves},
	Volume = {136},
	Year = {2014}}

@book{GareyJohnson1,
	Author = {Garey, Michael R. and Johnson, David S.},
	Date-Added = {2018-08-06 03:29:24 +0000},
	Date-Modified = {2018-08-06 03:31:55 +0000},
	Publisher = {W.H. Freeman},
	Title = {{Computers and Intractability: A guide to the Theory of NP-Completeness}},
	Year = {1979}}

@inbook{Rolfsen1,
	Author = {Rolfsen, Dale},
	Chapter = {3F},
	Date-Added = {2018-07-12 03:37:07 +0000},
	Date-Modified = {2018-07-12 03:41:18 +0000},
	Pages = {67},
	Publisher = {American Mathematical Society},
	Title = {Knots and Links},
	Year = {1976}}

@article{Menasco1,
	Author = {Menasco, William},
	Date-Added = {2018-07-02 05:44:03 +0000},
	Date-Modified = {2018-07-02 05:45:03 +0000},
	Journal = {Topology},
	Number = {1},
	Pages = {37-44},
	Title = {Closed incompressible surfaces in alternating knot and link complements},
	Volume = {23},
	Year = {1984}}

@article{Reidemeister1,
	Author = {Reidemeister, Kurt},
	Date-Added = {2018-06-29 06:50:19 +0000},
	Date-Modified = {2018-06-29 06:51:19 +0000},
	Journal = {Abh. Math. Sem. Univ. Hamburg},
	Pages = {7-23},
	Title = {Knotten und Gruppen.},
	Volume = {5},
	Year = {1927}}

@unpublished{Lackenby4,
	Author = {Lackenby, Mark},
	Date-Added = {2018-06-27 07:07:13 +0000},
	Date-Modified = {2018-06-29 06:57:58 +0000},
	Note = {In preparation},
	Title = {A polynomial upper bound on {R}eidemeister moves for each link type}}

@unpublished{Lackenby3,
	Author = {Lackenby, Mark},
	Date-Added = {2018-06-27 07:06:12 +0000},
	Date-Modified = {2018-06-27 07:06:44 +0000},
	Note = {arXiv:1604.03778},
	Title = {Elementary Knot Theory}}

@article{HassLagarias1,
	Author = {Hass, Joel and Lagarias, Jeffrey},
	Date-Added = {2018-06-26 06:25:06 +0000},
	Date-Modified = {2018-06-29 06:53:16 +0000},
	Journal = {J. Amer. Math. Soc.},
	Number = {2},
	Pages = {399-428},
	Title = {The number of {R}eidemeister moves needed for unknotting},
	Volume = {14},
	Year = {2001}}

@article{HassLagariasPippenger1,
	Author = {Hass, Joel and Lagarias, Jeffrey and Pippenger, Nicholas},
	Date-Added = {2018-06-26 06:24:05 +0000},
	Date-Modified = {2018-06-29 06:53:06 +0000},
	Journal = {{JACM}},
	Number = {2},
	Pages = {185-211},
	Title = {The computational complexity of knot and link problems},
	Volume = {46},
	Year = {1999}}

@article{Lackenby2,
	Author = {Lackenby, Mark},
	Date-Added = {2018-06-26 06:18:52 +0000},
	Date-Modified = {2018-06-26 06:19:44 +0000},
	Journal = {Ann. of Math.},
	Number = {2},
	Pages = {491-564},
	Title = {A polynomial upper bound on {R}eidemeister moves},
	Volume = {182},
	Year = {2015}}

@article{GareyJohnsonTarjan1,
	Author = {Garey, Michael R. and Johnson, David S. and Endre Tarjan, Robert},
	Date-Added = {2018-06-26 05:50:45 +0000},
	Date-Modified = {2018-06-26 05:54:40 +0000},
	Journal = {{SIAM} J Comput.},
	Month = {December},
	Number = {4},
	Pages = {704-714},
	Title = {The Planar {H}amiltonian Circuit Problem is {NP}-complete},
	Volume = {5},
	Year = {1976}}

@article{AgolHassThurston1,
	Author = {Agol, Ian and Hass, Joel and Thurston, William},
	Date-Added = {2018-06-26 05:48:38 +0000},
	Date-Modified = {2018-06-29 06:47:36 +0000},
	Journal = {Trans. Amer. Math. Soc.},
	Month = {September},
	Number = {9},
	Pages = {3821-3850},
	Title = {The Computational Complexity of Knot Genus and Spanning Area},
	Volume = {358},
	Year = {2006}}

@article{Lackenby1,
	Author = {Lackenby, Mark},
	Date-Added = {2018-06-26 05:44:28 +0000},
	Date-Modified = {2018-06-27 06:18:43 +0000},
	Journal = {Discrete Comput. Geom.},
	Month = {October},
	Note = {arXiv:1602.08427},
	Number = {3},
	Pages = {580-595},
	Title = {Some conditionally hard problems on links and 3-manifolds},
	Volume = {58},
	Year = {2017}}
